@book{lovelace_geocomputation_2019,
  title = {Geocomputation with {{R}}},
  isbn = {1-138-30451-4},
  abstract = {Book on geographic data with R.},
  publisher = {{CRC Press}},
  author = {Lovelace, Robin and Nowosad, Jakub and Muenchow, Jannes},
  year = {2019}
}

@article{WhatIsLandCover,
author = {Comber, Alexis and Fisher, Peter and Wadsworth, Richard},
year = {2005},
month = {02},
pages = {199-209},
title = {What is Land Cover?},
volume = {32},
journal = {Environment and Planning B: Planning and Design},
doi = {10.1068/b31135}
}

@article{ChangeDetectionTechniques,
author = {Lu, Dengsheng and Mausel, Paul and Brondízio, Eduardo and Moran, Emilio},
year = {2004},
month = {01},
pages = {},
title = {Change Detection Techniques},
volume = {25},
journal = {International Journal of Remote Sensing}
}

@article{Netzel2015,
  author={Netzel, Pawel and Stepinski, Tomasz F.},
  journal={IEEE Transactions on Geoscience and Remote Sensing},
  title={Pattern-Based Assessment of Land Cover Change on Continental Scale With Application to NLCD 2001–2006},
  year={2015},
  volume={53},
  number={4},
  pages={1773-1781},
  doi={10.1109/TGRS.2014.2348715}}

@article{Cha2007,
author = {Cha, Sung-Hyuk},
year = {2007},
month = {01},
pages = {},
title = {Comprehensive Survey on Distance/Similarity Measures Between Probability Density Functions},
volume = {1},
journal = {Int. J. Math. Model. Meth. Appl. Sci.}
}

@Article{NLMR2018,
  title = {NLMR and landscapetools: An integrated environment for simulating and modifying neutral landscape models in R},
  author = {Marco Sciaini and Matthias Fritsch and Cedric Scherer and Craig E. Simpkins},
  journal = {Methods in Ecololgy and Evolution},
  volume = {00},
  pages = {1--9},
  year = {2018},
  url = {https://doi.org/10.1111/2041-210X.13076},
}

@article{nowosad_motif,
  author = {Nowosad, Jakub},
  year = {2021},
  month = {01},
  pages = {29-43},
  title = {Motif: an open-source R tool for pattern-based spatial analysis},
  volume = {36},
  journal = {Landscape Ecology},
  doi = {10.1007/s10980-020-01135-0}
}

@article{Jasiewicz_GeoPAT,
  title={GeoPAT: A toolbox for pattern-based information retrieval from large geospatial databases},
  author={Jarosław Jasiewicz and Pawel Netzel and Tomasz F. Stepinski},
  journal={Comput. Geosci.},
  year={2015},
  volume={80},
  pages={62-73}
}

@ARTICLE{Haralick_1973,
  author={Haralick, Robert M. and Shanmugam, K. and Dinstein, Its'Hak},
  journal={IEEE Transactions on Systems, Man, and Cybernetics},
  title={Textural Features for Image Classification},
  year={1973},
  volume={SMC-3},
  number={6},
  pages={610-621},
  doi={10.1109/TSMC.1973.4309314}}

@article{Gustafson1998,
  title={Quantifying landscape spatial pattern: what is the state of the art?},
  author={Gustafson, Eric J},
  journal={Ecosystems},
  volume={1},
  number={2},
  pages={143--156},
  year={1998},
  publisher={Springer}
}

@article{likert_scale,
  title={A technique for the measurement of attitudes.},
  author={Likert, Rensis},
  journal={Archives of psychology},
  year={1932}
}

@article{nlm_fbm,
author = {Schlather, Martin and Malinowski, Alexander and Menck, Peter and Oesting, Marco and Strokorb, Kirstin},
year = {2015},
month = {02},
pages = {1-25},
title = {Analysis, Simulation and Prediction of Multivariate Random Fields with Package Random Fields},
volume = {63},
journal = {Journal of statistical software},
doi = {10.18637/jss.v063.i08}
}

@book{forman1995land,
  title={Land Mosaics: The Ecology of Landscapes and Regions},
  author={Forman, R.T.T.},
  isbn={9780521479806},
  lccn={94039092},
  url={https://books.google.pl/books?id=sSRNU_5P5nwC},
  year={1995},
  publisher={Cambridge University Press}
}

@article{Pukowiec_Kurda_Sobala_2016,
  title={Nowa metoda oceny stopnia antropogienczego przekształcenia krajobrazu na podstawie metryk krajobrazowych},
  volume={nr 31},
  ISSN={2391-5293},
  url={http://yadda.icm.edu.pl/baztech/element/bwmeta1.element.baztech-ea6789c7-ff31-4aa8-8584-3a5f976f18e8},
  journal={Prace Komisji Krajobrazu Kulturowego},
  author={Pukowiec-Kurda, K. and Sobala, M.},
  year={2016},
  pages={71–84}
}

@article{mcgarigal2009,
  author = {McGarigal, Kevin and Tagil, Sermin and Cushman, Samuel},
  year = {2009},
  month = {03},
  pages = {433-450},
  title = {Surface metrics: an alternative to patch metrics for the quantification of landscape structure},
  volume = {24},
  journal = {Landscape Ecology},
  doi = {10.1007/s10980-009-9327-y}
}

@inbook{kozak2014,
  author = {Kozak, Jacek and Luc, Malgorzata and Ostapowicz, Katarzyna and Ziolkowska, Elzbieta},
  year = {2014},
  month = {06},
  pages = {63-84},
  title = {Pozyskiwanie i analiza danych o pokryciu terenu a badania struktury przestrzennej krajobrazu}
}

@book{solon2002,
  title={Ocena różnorodności krajobrazu na podstawie analizy struktury przestrzennej roślinności},
  author={Solon, J.},
  isbn={9788387954093},
  lccn={2003554228},
  series={Prace Geograficzne - Polska Akademia Nauk},
  url={https://books.google.pl/books?id=O0dcAwAAQBAJ},
  year={2002},
  publisher={PAN IG i PZ}
}

@article{niesterowicz2016,
  author = {Niesterowicz, Jacek and Stepinski, Tomasz},
  year = {2016},
  month = {05},
  pages = {20-30},
  title = {On using landscape metrics for landscape similarity search},
  volume = {64},
  journal = {Ecological Indicators},
  doi = {10.1016/j.ecolind.2015.12.027}
}

@Manual{R2023,
  title = {R: A Language and Environment for Statistical Computing},
  author = {{R Core Team}},
  organization = {R Foundation for Statistical Computing},
  address = {Vienna, Austria},
  year = {2023},
  url = {https://www.R-project.org/},
}

@Manual{R-shiny,
    title = {shiny: Web Application Framework for R},
    author = {Winston Chang and Joe Cheng and JJ Allaire and Carson Sievert and Barret Schloerke and Yihui Xie and Jeff Allen and Jonathan McPherson and Alan Dipert and Barbara Borges},
    year = {2022},
    note = {R package version 1.7.4},
    url = {https://CRAN.R-project.org/package=shiny},
  }

@Manual{R-shinysurveys,
    title = {shinysurveys: Create and Deploy Surveys in 'Shiny'},
    author = {Jonathan Trattner and Lucy {D'Agostino McGowan}},
    year = {2021},
    note = {R package version 0.2.0},
    url = {https://CRAN.R-project.org/package=shinysurveys},
  }
